@misc{wood_mcminn_feng_2019, title={China Used Twitter To Disrupt Hong Kong Protests, But Efforts Began Years Earlier}, url={https://www.npr.org/2019/09/17/758146019/china-used-twitter-to-disrupt-hong-kong-protests-but-efforts-began-years-earlier}, journal={NPR}, publisher={NPR}, author={Wood, Daniel and McMinn, Sean and Feng, Emily}, year={2019}, month={Sep}}

@inproceedings{bogdanova2014cross,
  title={Cross-Language Authorship Attribution.},
  author={Bogdanova, Dasha and Lazaridou, Angeliki},
  booktitle={LREC},
  pages={2015--2020},
  year={2014},
  organization={Citeseer}
}

@article{rocha2016authorship,
  title={Authorship attribution for social media forensics},
  author={Rocha, Anderson and Scheirer, Walter J and Forstall, Christopher W and Cavalcante, Thiago and Theophilo, Antonio and Shen, Bingyu and Carvalho, Ariadne RB and Stamatatos, Efstathios},
  journal={IEEE Transactions on Information Forensics and Security},
  volume={12},
  number={1},
  pages={5--33},
  year={2016},
  publisher={IEEE}
}

@article{scikit-learn,
 title={Scikit-learn: Machine Learning in {P}ython},
 author={Pedregosa, F. and Varoquaux, G. and Gramfort, A. and Michel, V.
         and Thirion, B. and Grisel, O. and Blondel, M. and Prettenhofer, P.
         and Weiss, R. and Dubourg, V. and Vanderplas, J. and Passos, A. and
         Cournapeau, D. and Brucher, M. and Perrot, M. and Duchesnay, E.},
 journal={Journal of Machine Learning Research},
 volume={12},
 pages={2825--2830},
 year={2011}
}

@Article{REF08a,
  author = 	 {Rong-En Fan and Kai-Wei Chang and Cho-Jui Hsieh and Xiang-Rui Wang and Chih-Jen Lin},
  title = 	 {{LIBLINEAR}: A Library for Large Linear Classification},
  journal = 	 {Journal of Machine Learning Research},
  year = 	 {2008},
  volume =	 {9},
  pages =	 {1871--1874}
}

@inproceedings{shrestha2017convolutional,
  title={Convolutional neural networks for authorship attribution of short texts},
  author={Shrestha, Prasha and Sierra, Sebastian and Gonzalez, Fabio and Montes, Manuel and Rosso, Paolo and Solorio, Thamar},
  booktitle={Proceedings of the 15th Conference of the European Chapter of the Association for Computational Linguistics: Volume 2, Short Papers},
  pages={669--674},
  year={2017}
}

@InProceedings{joulin2018loss,
  title={Loss in Translation: Learning Bilingual Word Mapping with a Retrieval Criterion},
  author={Joulin, Armand and Bojanowski, Piotr and Mikolov, Tomas and J\'egou, Herv\'e and Grave, Edouard},
  year={2018},
  booktitle={Proceedings of the 2018 Conference on Empirical Methods in Natural Language Processing},
}

@article{bojanowski2017enriching,
  title={Enriching Word Vectors with Subword Information},
  author={Bojanowski, Piotr and Grave, Edouard and Joulin, Armand and Mikolov, Tomas},
  journal={Transactions of the Association for Computational Linguistics},
  volume={5},
  year={2017},
  issn={2307-387X},
  pages={135--146}
}

@incollection{NEURIPS2019_9015,
  title = {PyTorch: An Imperative Style, High-Performance Deep Learning Library},
  author = {Paszke, Adam and Gross, Sam and Massa, Francisco and Lerer, Adam and Bradbury, James and Chanan, Gregory and Killeen, Trevor and Lin, Zeming and Gimelshein, Natalia and Antiga, Luca and Desmaison, Alban and Kopf, Andreas and Yang, Edward and DeVito, Zachary and Raison, Martin and Tejani, Alykhan and Chilamkurthy, Sasank and Steiner, Benoit and Fang, Lu and Bai, Junjie and Chintala, Soumith},
  booktitle = {Advances in Neural Information Processing Systems 32},
  editor = {H. Wallach and H. Larochelle and A. Beygelzimer and F. d\textquotesingle Alch\'{e}-Buc and E. Fox and R. Garnett},
  pages = {8024--8035},
  year = {2019},
  publisher = {Curran Associates, Inc.},
  url = {http://papers.neurips.cc/paper/9015-pytorch-an-imperative-style-high-performance-deep-learning-library.pdf}
}

@article{kingma2014adam,
  title={Adam: A method for stochastic optimization},
  author={Kingma, Diederik P and Ba, Jimmy},
  journal={arXiv preprint arXiv:1412.6980},
  year={2014}
}
